<record><leader>00000cas a22000007a 4500</leader><controlfield tag="001">37857430</controlfield><controlfield tag="008">971028d18591860tnuwr ne      0    0eng d</controlfield><datafield ind1=" " ind2=" " tag="010"><subfield code="a">sn 97065484 </subfield></datafield><datafield ind1=" " ind2=" " tag="040"><subfield code="a">TGN</subfield><subfield code="b">eng</subfield><subfield code="c">TGN</subfield><subfield code="d">OCL</subfield><subfield code="d">OCLCQ</subfield><subfield code="d">OCLCO</subfield></datafield><datafield ind1=" " ind2=" " tag="042"><subfield code="a">msc</subfield></datafield><datafield ind1=" " ind2=" " tag="043"><subfield code="a">n-us-tn</subfield></datafield><datafield ind1="0" ind2=" " tag="130"><subfield code="a">Whig banner (Purdy, Tenn.)</subfield></datafield><datafield ind1="1" ind2="4" tag="245"><subfield code="a">The Whig banner.</subfield></datafield><datafield ind1=" " ind2=" " tag="260"><subfield code="a">Purdy, Tenn. :</subfield><subfield code="b">[Isaac W. Nash]</subfield></datafield><datafield ind1=" " ind2=" " tag="300"><subfield code="a">v.</subfield></datafield><datafield ind1=" " ind2=" " tag="310"><subfield code="a">Weekly</subfield></datafield><datafield ind1="1" ind2=" " tag="362"><subfield code="a">Began in 1859; ceased in 1860.</subfield></datafield><datafield ind1=" " ind2=" " tag="500"><subfield code="a">Publisher: Isaac W. Newton, &lt;1860&gt;</subfield></datafield><datafield ind1=" " ind2=" " tag="500"><subfield code="a">Editors: S.L. Warren &amp; D.M. Wisdom, 1859-1860.</subfield></datafield><datafield ind1=" " ind2=" " tag="588"><subfield code="a">Description based on: Aug. 20, 1859.</subfield></datafield><datafield ind1=" " ind2="0" tag="651"><subfield code="a">Purdy (Tenn.)</subfield><subfield code="v">Newspapers.</subfield></datafield><datafield ind1=" " ind2="0" tag="651"><subfield code="a">McNairy County (Tenn.)</subfield><subfield code="v">Newspapers.</subfield></datafield><datafield ind1=" " ind2=" " tag="752"><subfield code="a">United States</subfield><subfield code="b">Tennessee</subfield><subfield code="c">McNairy</subfield><subfield code="d">Purdy.</subfield></datafield><datafield ind1="0" ind2="0" tag="785"><subfield code="t">McNairy Whig banner</subfield><subfield code="w">(DLC)sn 94055665</subfield></datafield></record>